

@ARTICLE{2014Natur.509..471G,
   author = {{Gal-Yam}, A. and {Arcavi}, I. and {Ofek}, E.~O. and {Ben-Ami}, S. and 
	{Cenko}, S.~B. and {Kasliwal}, M.~M. and {Cao}, Y. and {Yaron}, O. and 
	{Tal}, D. and {Silverman}, J.~M. and {Horesh}, A. and {De Cia}, A. and 
	{Taddia}, F. and {Sollerman}, J. and {Perley}, D. and {Vreeswijk}, P.~M. and 
	{Kulkarni}, S.~R. and {Nugent}, P.~E. and {Filippenko}, A.~V. and 
	{Wheeler}, J.~C.},
    title = "{A Wolf-Rayet-like progenitor of SN 2013cu from spectral observations of a stellar wind}",
  journal = {\nat},
archivePrefix = "arXiv",
   eprint = {1406.7640},
 primaryClass = "astro-ph.HE",
     year = 2014,
    month = may,
   volume = 509,
    pages = {471-474},
      doi = {10.1038/nature13304},
   adsurl = {http://adsabs.harvard.edu/abs/2014Natur.509..471G},
  adsnote = {Provided by the SAO/NASA Astrophysics Data System}
}



@PHDTHESIS{2011PhDT........35K,
   author = {{Kasliwal}, M.~M.},
    title = "{Bridging the gap : elusive explosions in the local universe}",
 keywords = {astronomy, transient, nova, supernova, palomar, keck, survey, local universe, nearby galaxies, photometry, spectroscopy, optical, radio, infrared, ultraviolet, gamma-ray, x-ray, evla, swift, gap, macronova, white dwarf, neutron star, black hole,},
   school = {California Institute of Technology},
     year = 2011,
   adsurl = {http://adsabs.harvard.edu/abs/2011PhDT........35K},
  adsnote = {Provided by the SAO/NASA Astrophysics Data System}
}


@ARTICLE{2009arXiv0912.0201L,
   author = {{LSST Science Collaboration} and {Abell}, P.~A. and {Allison}, J. and 
	{Anderson}, S.~F. and {Andrew}, J.~R. and {Angel}, J.~R.~P. and 
	{Armus}, L. and {Arnett}, D. and {Asztalos}, S.~J. and {Axelrod}, T.~S. and et al.},
    title = "{LSST Science Book, Version 2.0}",
  journal = {ArXiv e-prints},
archivePrefix = "arXiv",
   eprint = {0912.0201},
 primaryClass = "astro-ph.IM",
 keywords = {Astrophysics - Instrumentation and Methods for Astrophysics, Astrophysics - Cosmology and Extragalactic Astrophysics, Astrophysics - Earth and Planetary Astrophysics, Astrophysics - Galaxy Astrophysics, Astrophysics - Solar and Stellar Astrophysics},
     year = 2009,
    month = dec,
   adsurl = {http://adsabs.harvard.edu/abs/2009arXiv0912.0201L},
  adsnote = {Provided by the SAO/NASA Astrophysics Data System}
}


@ARTICLE{2002ApJ...576..120T,
   author = {{Totani}, T. and {Panaitescu}, A.},
    title = "{Orphan Afterglows of Collimated Gamma-Ray Bursts: Rate Predictions and Prospects for Detection}",
  journal = {\apj},
   eprint = {astro-ph/0204258},
 keywords = {Gamma Rays: Bursts, ISM: Jets and Outflows, Surveys},
     year = 2002,
    month = sep,
   volume = 576,
    pages = {120-134},
      doi = {10.1086/341738},
   adsurl = {http://adsabs.harvard.edu/abs/2002ApJ...576..120T},
  adsnote = {Provided by the SAO/NASA Astrophysics Data System}
}


@ARTICLE{2011PASP..123.1034J,
   author = {{Japelj}, J. and {Gomboc}, A.},
    title = "{Detectability of GRB Optical Afterglows with Gaia Satellite}",
  journal = {\pasp},
archivePrefix = "arXiv",
   eprint = {1107.2858},
 primaryClass = "astro-ph.HE",
 keywords = {Gamma-Ray Bursts},
     year = 2011,
    month = sep,
   volume = 123,
    pages = {1034-1043},
      doi = {10.1086/661979},
   adsurl = {http://adsabs.harvard.edu/abs/2011PASP..123.1034J},
  adsnote = {Provided by the SAO/NASA Astrophysics Data System}
}



@ARTICLE{2015A&A...578A..71G,
   author = {{Ghirlanda}, G. and {Salvaterra}, R. and {Campana}, S. and {Vergani}, S.~D. and
	{Japelj}, J. and {Bernardini}, M.~G. and {Burlon}, D. and {D'Avanzo}, P. and
	{Melandri}, A. and {Gomboc}, A. and {Nappo}, F. and {Paladini}, R. and
	{Pescalli}, A. and {Salafia}, O.~S. and {Tagliaferri}, G.},
    title = "{Unveiling the population of orphan {$\gamma$}-ray bursts}",
  journal = {\aap},
archivePrefix = "arXiv",
   eprint = {1504.02096},
 primaryClass = "astro-ph.HE",
 keywords = {gamma-ray burst: general, relativistic processes},
     year = 2015,
    month = jun,
   volume = 578,
      eid = {A71},
    pages = {A71},
      doi = {10.1051/0004-6361/201526112},
   adsurl = {http://adsabs.harvard.edu/abs/2015A%26A...578A..71G},
  adsnote = {Provided by the SAO/NASA Astrophysics Data System}
}



@ARTICLE{2003ApJ...591.1097R,
   author = {{Rhoads}, J.~E.},
    title = "{Dirty Fireballs and Orphan Afterglows: A Tale of Two Transients}",
  journal = {\apj},
   eprint = {astro-ph/0301011},
 keywords = {Gamma Rays: Bursts},
     year = 2003,
    month = jul,
   volume = 591,
    pages = {1097-1103},
      doi = {10.1086/368125},
   adsurl = {http://adsabs.harvard.edu/abs/2003ApJ...591.1097R},
  adsnote = {Provided by the SAO/NASA Astrophysics Data System}
}


@ARTICLE{2013ApJ...769..130C,
   author = {{Cenko}, S.~B. and {Kulkarni}, S.~R. and {Horesh}, A. and {Corsi}, A. and
	{Fox}, D.~B. and {Carpenter}, J. and {Frail}, D.~A. and {Nugent}, P.~E. and
	{Perley}, D.~A. and {Gruber}, D. and {Gal-Yam}, A. and {Groot}, P.~J. and
	{Hallinan}, G. and {Ofek}, E.~O. and {Rau}, A. and {MacLeod}, C.~L. and
	{Miller}, A.~A. and {Bloom}, J.~S. and {Filippenko}, A.~V. and
	{Kasliwal}, M.~M. and {Law}, N.~M. and {Morgan}, A.~N. and {Polishook}, D. and
	{Poznanski}, D. and {Quimby}, R.~M. and {Sesar}, B. and {Shen}, K.~J. and
	{Silverman}, J.~M. and {Sternberg}, A.},
    title = "{Discovery of a Cosmological, Relativistic Outburst via its Rapidly Fading Optical Emission}",
  journal = {\apj},
archivePrefix = "arXiv",
   eprint = {1304.4236},
 keywords = {gamma-ray burst: general, stars: flare, supernovae: general},
     year = 2013,
    month = jun,
   volume = 769,
      eid = {130},
    pages = {130},
      doi = {10.1088/0004-637X/769/2/130},
   adsurl = {http://adsabs.harvard.edu/abs/2013ApJ...769..130C},
  adsnote = {Provided by the SAO/NASA Astrophysics Data System}
}



@ARTICLE{2015ApJ...803L..24C,
   author = {{Cenko}, S.~B. and {Urban}, A.~L. and {Perley}, D.~A. and {Horesh}, A. and
	{Corsi}, A. and {Fox}, D.~B. and {Cao}, Y. and {Kasliwal}, M.~M. and
	{Lien}, A. and {Arcavi}, I. and {Bloom}, J.~S. and {Butler}, N.~R. and
	{Cucchiara}, A. and {de Diego}, J.~A. and {Filippenko}, A.~V. and
	{Gal-Yam}, A. and {Gehrels}, N. and {Georgiev}, L. and {Jes{\'u}s Gonz{\'a}lez}, J. and
	{Graham}, J.~F. and {Greiner}, J. and {Kann}, D.~A. and {Klein}, C.~R. and
	{Knust}, F. and {Kulkarni}, S.~R. and {Kutyrev}, A. and {Laher}, R. and
	{Lee}, W.~H. and {Nugent}, P.~E. and {Prochaska}, J.~X. and
	{Ramirez-Ruiz}, E. and {Richer}, M.~G. and {Rubin}, A. and {Urata}, Y. and
	{Varela}, K. and {Watson}, A.~M. and {Wozniak}, P.~R.},
    title = "{iPTF14yb: The First Discovery of a Gamma-Ray Burst Afterglow Independent of a High-energy Trigger}",
  journal = {\apjl},
archivePrefix = "arXiv",
   eprint = {1504.00673},
 primaryClass = "astro-ph.HE",
 keywords = {gamma-ray burst: general, stars: flare, supernovae: general},
     year = 2015,
    month = apr,
   volume = 803,
      eid = {L24},
    pages = {L24},
      doi = {10.1088/2041-8205/803/2/L24},
   adsurl = {http://adsabs.harvard.edu/abs/2015ApJ...803L..24C},
  adsnote = {Provided by the SAO/NASA Astrophysics Data System}
}



@ARTICLE{IvezicEtal2008,
   author = {{Ivezic}, Z. and {Tyson}, J.~A. and {Allsman}, R. and {Andrew}, J. and
	{Angel}, R. and {for the LSST Collaboration}},
    title = "{LSST: from Science Drivers to Reference Design and Anticipated Data Products}",
  journal = {ArXiv e-prints},
archivePrefix = "arXiv",
   eprint = {0805.2366},
 keywords = {Astrophysics},
     year = 2008,
    month = may,
   adsurl = {http://adsabs.harvard.edu/abs/2008arXiv0805.2366I},
  adsnote = {Provided by the SAO/NASA Astrophysics Data System}
}

@ARTICLE{LiaoEtal2015,
   author = {{Liao}, K. and {Treu}, T. and {Marshall}, P. and {Fassnacht}, C.~D. and
        {Rumbaugh}, N. and {Dobler}, G. and {Aghamousa}, A. and {Bonvin}, V. and
        {Courbin}, F. and {Hojjati}, A. and {Jackson}, N. and {Kashyap}, V. and
        {Rathna Kumar}, S. and {Linder}, E. and {Mandel}, K. and {Meng}, X.-L. and
        {Meylan}, G. and {Moustakas}, L.~A. and {Prabhu}, T.~P. and
        {Romero-Wolf}, A. and {Shafieloo}, A. and {Siemiginowska}, A. and
        {Stalin}, C.~S. and {Tak}, H. and {Tewes}, M. and {van Dyk}, D.
        },
    title = "{Strong Lens Time Delay Challenge. II. Results of TDC1}",
  journal = {\apj},
archivePrefix = "arXiv",
   eprint = {1409.1254},
 primaryClass = "astro-ph.IM",
 keywords = {gravitational lensing: strong, methods: data analysis },
     year = 2015,
    month = feb,
   volume = 800,
      eid = {11},
    pages = {11},
      doi = {10.1088/0004-637X/800/1/11},
   adsurl = {http://adsabs.harvard.edu/abs/2015ApJ...800...11L},
  adsnote = {Provided by the SAO/NASA Astrophysics Data System}
}

@ARTICLE{CheloucheEtal2014,
   author = {{Chelouche}, D. and {Shemmer}, O. and {Cotlier}, G.~I. and {Barth}, A.~J. and
	{Rafter}, S.~E.},
    title = "{On the Performance of Quasar Reverberation Mapping in the Era of Time-domain Photometric Surveys}",
  journal = {\apj},
archivePrefix = "arXiv",
   eprint = {1404.6156},
 keywords = {galaxies: active, methods: data analysis, quasars: emission lines, quasars: supermassive black holes, techniques: photometric},
     year = 2014,
    month = apr,
   volume = 785,
      eid = {140},
    pages = {140},
      doi = {10.1088/0004-637X/785/2/140},
   adsurl = {http://adsabs.harvard.edu/abs/2014ApJ...785..140C},
  adsnote = {Provided by the SAO/NASA Astrophysics Data System}
}

@ARTICLE{CheloucheandZucker2013,
   author = {{Chelouche}, D. and {Zucker}, S.},
    title = "{Quasar Cartography: From Black Hole to Broad-line Region Scales}",
  journal = {\apj},
archivePrefix = "arXiv",
   eprint = {1305.6499},
 primaryClass = "astro-ph.CO",
 keywords = {accretion, accretion disks, galaxies: active, methods: data analysis, quasars: general, techniques: photometric },
     year = 2013,
    month = jun,
   volume = 769,
      eid = {124},
    pages = {124},
      doi = {10.1088/0004-637X/769/2/124},
   adsurl = {http://adsabs.harvard.edu/abs/2013ApJ...769..124C},
  adsnote = {Provided by the SAO/NASA Astrophysics Data System}
}

@ARTICLE{Chelouche2013,
   author = {{Chelouche}, D.},
    title = "{The Case for Standard Irradiated Accretion Disks in Active Galactic Nuclei}",
  journal = {\apj},
archivePrefix = "arXiv",
   eprint = {1305.6507},
 keywords = {accretion, accretion disks, galaxies: active, methods: data analysis, quasars: general, techniques: photometric },
     year = 2013,
    month = jul,
   volume = 772,
      eid = {9},
    pages = {9},
      doi = {10.1088/0004-637X/772/1/9},
   adsurl = {http://adsabs.harvard.edu/abs/2013ApJ...772....9C},
  adsnote = {Provided by the SAO/NASA Astrophysics Data System}
}

@ARTICLE{MosqueraandKochanek2011,
   author = {{Mosquera}, A.~M. and {Kochanek}, C.~S.},
    title = "{The Microlensing Properties of a Sample of 87 Lensed Quasars}",
  journal = {\apj},
archivePrefix = "arXiv",
   eprint = {1104.2356},
 primaryClass = "astro-ph.CO",
 keywords = {accretion, accretion disks, gravitational lensing: micro, quasars: general},
     year = 2011,
    month = sep,
   volume = 738,
      eid = {96},
    pages = {96},
      doi = {10.1088/0004-637X/738/1/96},
   adsurl = {http://adsabs.harvard.edu/abs/2011ApJ...738...96M},
  adsnote = {Provided by the SAO/NASA Astrophysics Data System}
}

@ARTICLE{SluseandTewes2014,
   author = {{Sluse}, D. and {Tewes}, M.},
    title = "{Imprints of the quasar structure in time-delay light curves: Microlensing-aided reverberation mapping}",
  journal = {\aap},
archivePrefix = "arXiv",
   eprint = {1409.4422},
 keywords = {gravitational lensing: micro, quasars: general, gravitational lensing: strong},
     year = 2014,
    month = nov,
   volume = 571,
      eid = {A60},
    pages = {A60},
      doi = {10.1051/0004-6361/201424776},
   adsurl = {http://adsabs.harvard.edu/abs/2014A%26A...571A..60S},
  adsnote = {Provided by the SAO/NASA Astrophysics Data System}
}

@ARTICLE{KaczmarczikEtal2009,
   author = {{Kaczmarczik}, M.~C. and {Richards}, G.~T. and {Mehta}, S.~S. and
	{Schlegel}, D.~J.},
    title = "{Astrometric Redshifts for Quasars}",
  journal = {\aj},
archivePrefix = "arXiv",
   eprint = {0904.3909},
 keywords = {astrometry, atmospheric effects, galaxies: distances and redshifts, quasars: emission lines, quasars: general},
     year = 2009,
    month = jul,
   volume = 138,
    pages = {19-27},
      doi = {10.1088/0004-6256/138/1/19},
   adsurl = {http://adsabs.harvard.edu/abs/2009AJ....138...19K},
  adsnote = {Provided by the SAO/NASA Astrophysics Data System}
}

@ARTICLE{ButlerandBloom2011,
   author = {{Butler}, N.~R. and {Bloom}, J.~S.},
    title = "{Optimal Time-series Selection of Quasars}",
  journal = {\aj},
archivePrefix = "arXiv",
   eprint = {1008.3143},
 keywords = {cosmology: miscellaneous, methods: statistical, quasars: general, stars: variables: general},
     year = 2011,
    month = mar,
   volume = 141,
      eid = {93},
    pages = {93},
      doi = {10.1088/0004-6256/141/3/93},
   adsurl = {http://adsabs.harvard.edu/abs/2011AJ....141...93B},
  adsnote = {Provided by the SAO/NASA Astrophysics Data System}
}

@ARTICLE{Sako2008,
   author = {{Sako}, M. and {Bassett}, B. and {Becker}, A. and {Cinabro}, D. and
	{DeJongh}, F. and {Depoy}, D.~L. and {Dilday}, B. and {Doi}, M. and
	{Frieman}, J.~A. and {Garnavich}, P.~M. and {Hogan}, C.~J. and
	{Holtzman}, J. and {Jha}, S. and {Kessler}, R. and {Konishi}, K. and
	{Lampeitl}, H. and {Marriner}, J. and {Miknaitis}, G. and {Nichol}, R.~C. and
	{Prieto}, J.~L. and {Riess}, A.~G. and {Richmond}, M.~W. and
	{Romani}, R. and {Schneider}, D.~P. and {Smith}, M. and {SubbaRao}, M. and
	{Takanashi}, N. and {Tokita}, K. and {van der Heyden}, K. and
	{Yasuda}, N. and {Zheng}, C. and {Barentine}, J. and {Brewington}, H. and
	{Choi}, C. and {Dembicky}, J. and {Harnavek}, M. and {Ihara}, Y. and
	{Im}, M. and {Ketzeback}, W. and {Kleinman}, S.~J. and {Krzesi{\'n}ski}, J. and
	{Long}, D.~C. and {Malanushenko}, E. and {Malanushenko}, V. and
	{McMillan}, R.~J. and {Morokuma}, T. and {Nitta}, A. and {Pan}, K. and
	{Saurage}, G. and {Snedden}, S.~A.},
    title = "{The Sloan Digital Sky Survey-II Supernova Survey: Search Algorithm and Follow-up
Observations}",
  journal = {\aj},
archivePrefix = "arXiv",
   eprint = {0708.2750},
 keywords = {cosmology: observations, methods: data analysis, techniques: image processing,
supernovae: general, surveys },
     year = 2008,
    month = jan,
   volume = 135,
      eid = {348},
    pages = {348-373},
      doi = {10.1088/0004-6256/135/1/348},
   adsurl = {http://adsabs.harvard.edu/abs/2008AJ....135..348S},
  adsnote = {Provided by the SAO/NASA Astrophysics Data System}
}

@ARTICLE{Bernstein2012,
   author = {{Bernstein}, J.~P. and {Kessler}, R. and {Kuhlmann}, S. and
	{Biswas}, R. and {Kovacs}, E. and {Aldering}, G. and {Crane}, I. and
	{D'Andrea}, C.~B. and {Finley}, D.~A. and {Frieman}, J.~A. and
	{Hufford}, T. and {Jarvis}, M.~J. and {Kim}, A.~G. and {Marriner}, J. and
	{Mukherjee}, P. and {Nichol}, R.~C. and {Nugent}, P. and {Parkinson}, D. and
	{Reis}, R.~R.~R. and {Sako}, M. and {Spinka}, H. and {Sullivan}, M.
	},
    title = "{Supernova Simulations and Strategies for the Dark Energy Survey}",
  journal = {\apj},
archivePrefix = "arXiv",
   eprint = {1111.1969},
 keywords = {cosmological parameters, dark energy, supernovae: general},
     year = 2012,
    month = jul,
   volume = 753,
      eid = {152},
    pages = {152},
      doi = {10.1088/0004-637X/753/2/152},
   adsurl = {http://adsabs.harvard.edu/abs/2012ApJ...753..152B},
  adsnote = {Provided by the SAO/NASA Astrophysics Data System}
}

@ARTICLE{campbell2013,
   author = {{Campbell}, H. and {D'Andrea}, C.~B. and {Nichol}, R.~C. and
	{Sako}, M. and {Smith}, M. and {Lampeitl}, H. and {Olmstead}, M.~D. and
	{Bassett}, B. and {Biswas}, R. and {Brown}, P. and {Cinabro}, D. and
	{Dawson}, K.~S. and {Dilday}, B. and {Foley}, R.~J. and {Frieman}, J.~A. and
	{Garnavich}, P. and {Hlozek}, R. and {Jha}, S.~W. and {Kuhlmann}, S. and
	{Kunz}, M. and {Marriner}, J. and {Miquel}, R. and {Richmond}, M. and
	{Riess}, A. and {Schneider}, D.~P. and {Sollerman}, J. and {Taylor}, M. and
	{Zhao}, G.-B.},
    title = "{Cosmology with Photometrically Classified Type Ia Supernovae from the SDSS-II
Supernova Survey}",
  journal = {\apj},
archivePrefix = "arXiv",
   eprint = {1211.4480},
 primaryClass = "astro-ph.CO",
 keywords = {cosmology: observations, distance scale, supernovae: general, surveys},
     year = 2013,
    month = feb,
   volume = 763,
      eid = {88},
    pages = {88},
      doi = {10.1088/0004-637X/763/2/88},
   adsurl = {http://adsabs.harvard.edu/abs/2013ApJ...763...88C},
  adsnote = {Provided by the SAO/NASA Astrophysics Data System}
}

@ARTICLE{Kunz2007,
   author = {{Kunz}, M. and {Bassett}, B.~A. and {Hlozek}, R.~A.},
    title = "{Bayesian estimation applied to multiple species}",
  journal = {\prd},
   eprint = {astro-ph/0611004},
 keywords = {Observational cosmology},
     year = 2007,
    month = may,
   volume = 75,
   number = 10,
      eid = {103508},
    pages = {103508},
      doi = {10.1103/PhysRevD.75.103508},
   adsurl = {http://adsabs.harvard.edu/abs/2007PhRvD..75j3508K},
  adsnote = {Provided by the SAO/NASA Astrophysics Data System}
}

@ARTICLE{Hlozek2012,
   author = {{Hlozek}, R. and {Kunz}, M. and {Bassett}, B. and {Smith}, M. and
	{Newling}, J. and {Varughese}, M. and {Kessler}, R. and {Bernstein}, J.~P. and
	{Campbell}, H. and {Dilday}, B. and {Falck}, B. and {Frieman}, J. and
	{Kuhlmann}, S. and {Lampeitl}, H. and {Marriner}, J. and {Nichol}, R.~C. and
	{Riess}, A.~G. and {Sako}, M. and {Schneider}, D.~P.},
    title = "{Photometric Supernova Cosmology with BEAMS and SDSS-II}",
  journal = {\apj},
archivePrefix = "arXiv",
   eprint = {1111.5328},
 keywords = {cosmological parameters, cosmology: observations, cosmology: theory, dark energy,
supernovae: general},
     year = 2012,
    month = jun,
   volume = 752,
      eid = {79},
    pages = {79},
      doi = {10.1088/0004-637X/752/2/79},
   adsurl = {http://adsabs.harvard.edu/abs/2012ApJ...752...79H},
  adsnote = {Provided by the SAO/NASA Astrophysics Data System}
}

@ARTICLE{Newling2011,
   author = {{Newling}, J. and {Bassett}, B.~A. and {Hlozek}, R. and {Kunz}, M. and
	{Smith}, M. and {Varughese}, M.},
    title = "{Parameter Estimation with BEAMS in the presence of biases and correlations}",
  journal = {ArXiv e-prints},
archivePrefix = "arXiv",
   eprint = {1110.6178},
 primaryClass = "astro-ph.IM",
 keywords = {Astrophysics - Instrumentation and Methods for Astrophysics, Astrophysics - Cosmology
and Extragalactic Astrophysics, Statistics - Applications},
     year = 2011,
    month = oct,
   adsurl = {http://adsabs.harvard.edu/abs/2011arXiv1110.6178N},
  adsnote = {Provided by the SAO/NASA Astrophysics Data System}
}

@ARTICLE{Knights2013,
   author = {{Knights}, M. and {Bassett}, B.~A. and {Varughese}, M. and {Hlozek}, R. and
	{Kunz}, M. and {Smith}, M. and {Newling}, J.},
    title = "{Extending BEAMS to incorporate correlated systematic uncertainties}",
  journal = {\emph{JCAP}},
archivePrefix = "arXiv",
   eprint = {1205.3493},
     year = 2013,
    month = jan,
   volume = 1,
      eid = {039},
    pages = {39},
      doi = {10.1088/1475-7516/2013/01/039},
   adsurl = {http://adsabs.harvard.edu/abs/2013JCAP...01..039K},
  adsnote = {Provided by the SAO/NASA Astrophysics Data System}
}

@ARTICLE{Jha2007,
   author = {{Jha}, S. and {Riess}, A.~G. and {Kirshner}, R.~P.},
    title = "{Improved Distances to Type Ia Supernovae with Multicolor Light-Curve Shapes:
MLCS2k2}",
  journal = {\apj},
   eprint = {astro-ph/0612666},
 keywords = {Cosmology: Observations, Cosmology: Distance Scale, Galaxies: Distances and Redshifts,
Stars: Supernovae: General},
     year = 2007,
    month = apr,
   volume = 659,
    pages = {122-148},
      doi = {10.1086/512054},
   adsurl = {http://adsabs.harvard.edu/abs/2007ApJ...659..122J},
  adsnote = {Provided by the SAO/NASA Astrophysics Data System}
}

@ARTICLE{Guy2007,
   author = {{Guy}, J. and {Astier}, P. and {Baumont}, S. and {Hardin}, D. and
	{Pain}, R. and {Regnault}, N. and {Basa}, S. and {Carlberg}, R.~G. and
	{Conley}, A. and {Fabbro}, S. and {Fouchez}, D. and {Hook}, I.~M. and
	{Howell}, D.~A. and {Perrett}, K. and {Pritchet}, C.~J. and
	{Rich}, J. and {Sullivan}, M. and {Antilogus}, P. and {Aubourg}, E. and
	{Bazin}, G. and {Bronder}, J. and {Filiol}, M. and {Palanque-Delabrouille}, N. and
	{Ripoche}, P. and {Ruhlmann-Kleider}, V.},
    title = "{SALT2: using distant supernovae to improve the use of type Ia supernovae as distance
indicators}",
  journal = {\aap},
   eprint = {astro-ph/0701828},
 keywords = {supernovae: general, cosmology: observations},
     year = 2007,
    month = apr,
   volume = 466,
    pages = {11-21},
      doi = {10.1051/0004-6361:20066930},
   adsurl = {http://adsabs.harvard.edu/abs/2007A%26A...466...11G},
  adsnote = {Provided by the SAO/NASA Astrophysics Data System}
}

@ARTICLE{Sako2011,
   author = {{Sako}, M. and {Bassett}, B. and {Connolly}, B. and {Dilday}, B. and
	{Cambell}, H. and {Frieman}, J.~A. and {Gladney}, L. and {Kessler}, R. and
	{Lampeitl}, H. and {Marriner}, J. and {Miquel}, R. and {Nichol}, R.~C. and
	{Schneider}, D.~P. and {Smith}, M. and {Sollerman}, J.},
    title = "{Photometric Type Ia Supernova Candidates from the Three-year SDSS-II SN Survey Data}",
  journal = {\apj},
archivePrefix = "arXiv",
   eprint = {1107.5106},
 keywords = {cosmology: observations, supernovae: general, surveys},
     year = 2011,
    month = sep,
   volume = 738,
      eid = {162},
    pages = {162},
      doi = {10.1088/0004-637X/738/2/162},
   adsurl = {http://adsabs.harvard.edu/abs/2011ApJ...738..162S},
  adsnote = {Provided by the SAO/NASA Astrophysics Data System}
}

@ARTICLE{Kessler2010a,
   author = {{Kessler}, R. and {Conley}, A. and {Jha}, S. and {Kuhlmann}, S.
	},
    title = "{Supernova Photometric Classification Challenge}",
  journal = {ArXiv e-prints},
archivePrefix = "arXiv",
   eprint = {1001.5210},
 primaryClass = "astro-ph.IM",
 keywords = {Astrophysics - Instrumentation and Methods for Astrophysics},
     year = 2010,
    month = jan,
   adsurl = {http://adsabs.harvard.edu/abs/2010arXiv1001.5210K},
  adsnote = {Provided by the SAO/NASA Astrophysics Data System}
}

@ARTICLE{Kessler2010b,
   author = {{Kessler}, R. and {Bassett}, B. and {Belov}, P. and {Bhatnagar}, V. and
	{Campbell}, H. and {Conley}, A. and {Frieman}, J.~A. and {Glazov}, A. and
	{Gonz{\'a}lez-Gait{\'a}n}, S. and {Hlozek}, R. and {Jha}, S. and
	{Kuhlmann}, S. and {Kunz}, M. and {Lampeitl}, H. and {Mahabal}, A. and
	{Newling}, J. and {Nichol}, R.~C. and {Parkinson}, D. and {Philip}, N.~S. and
	{Poznanski}, D. and {Richards}, J.~W. and {Rodney}, S.~A. and
	{Sako}, M. and {Schneider}, D.~P. and {Smith}, M. and {Stritzinger}, M. and
	{Varughese}, M.},
    title = "{Results from the Supernova Photometric Classification Challenge}",
  journal = {\pasp},
archivePrefix = "arXiv",
   eprint = {1008.1024},
 primaryClass = "astro-ph.CO",
 keywords = {Supernovae},
     year = 2010,
    month = dec,
   volume = 122,
    pages = {1415-1431},
      doi = {10.1086/657607},
   adsurl = {http://adsabs.harvard.edu/abs/2010PASP..122.1415K},
  adsnote = {Provided by the SAO/NASA Astrophysics Data System}
}


@INPROCEEDINGS{CarrollEtal2014,
   author = {{Carroll}, C.~M. and {Gawiser}, E. and {Kurczynski}, P.~L. and
	{Bailey}, R.~A. and {Biswas}, R. and {Cinabro}, D. and {Jha}, S.~W. and
	{Jones}, R.~L. and {Krughoff}, K.~S. and {Sonawalla}, A. and
	{Wood-Vasey}, W.~M.},
    title = "{Improving the LSST dithering pattern and cadence for dark energy studies}",
booktitle = {Society of Photo-Optical Instrumentation Engineers (SPIE) Conference Series},
     year = 2014,
   series = {Society of Photo-Optical Instrumentation Engineers (SPIE) Conference Series},
   volume = 9149,
archivePrefix = "arXiv",
   eprint = {1501.04733},
 primaryClass = "astro-ph.IM",
    month = aug,
      eid = {91490C},
    pages = {0},
      doi = {10.1117/12.2057267},
   adsurl = {http://adsabs.harvard.edu/abs/2014SPIE.9149E..0CC},
  adsnote = {Provided by the SAO/NASA Astrophysics Data System}
}

@ARTICLE{2013ApJ...778..164A,
   author = {{Adams}, S.~M. and {Kochanek}, C.~S. and {Beacom}, J.~F. and
	{Vagins}, M.~R. and {Stanek}, K.~Z.},
    title = "{Observing the Next Galactic Supernova}",
  journal = {\apj},
archivePrefix = "arXiv",
   eprint = {1306.0559},
 primaryClass = "astro-ph.HE",
 keywords = {Galaxy: general, supernovae: general},
     year = 2013,
    month = dec,
   volume = 778,
      eid = {164},
    pages = {164},
      doi = {10.1088/0004-637X/778/2/164},
   adsurl = {http://adsabs.harvard.edu/abs/2013ApJ...778..164A},
  adsnote = {Provided by the SAO/NASA Astrophysics Data System}
}

@ARTICLE{2014ApJS..214...10B,
   author = {{Britt}, C.~T. and {Hynes}, R.~I. and {Johnson}, C.~B. and {Baldwin}, A. and
	{Jonker}, P.~G. and {Nelemans}, G. and {Torres}, M.~A.~P. and
	{Maccarone}, T. and {Steeghs}, D. and {Greiss}, S. and {Heinke}, C. and
	{Bassa}, C.~G. and {Collazzi}, A. and {Villar}, A. and {Gabb}, M. and
	{Gossen}, L.},
    title = "{Variability of Optical Counterparts in the Chandra Galactic Bulge Survey}",
  journal = {\apjs},
archivePrefix = "arXiv",
   eprint = {1407.2244},
 primaryClass = "astro-ph.HE",
 keywords = {accretion, accretion disks, Galaxy: bulge, stars: black holes, stars: dwarf novae, stars: flare, stars: neutron, stars: variables: general, surveys, X-rays: binaries},
     year = 2014,
    month = sep,
   volume = 214,
      eid = {10},
    pages = {10},
      doi = {10.1088/0067-0049/214/1/10},
   adsurl = {http://adsabs.harvard.edu/abs/2014ApJS..214...10B},
  adsnote = {Provided by the SAO/NASA Astrophysics Data System}
}

@ARTICLE{2015arXiv151007662C,
   author = {{Chomiuk}, L. and {Soderberg}, A.~M. and {Chevalier}, R.~A. and
	{Bruzewski}, S. and {Foley}, R.~J. and {Parrent}, J. and {Strader}, J. and
	{Badenes}, C. and {Fransson}, C. and {Kamble}, A. and {Margutti}, R. and
	{Rupen}, M.~P. and {Simon}, J.~D.},
    title = "{A Deep Search for Prompt Radio Emission from Thermonuclear Supernovae with the Very Large Array}",
  journal = {ArXiv e-prints},
archivePrefix = "arXiv",
   eprint = {1510.07662},
 primaryClass = "astro-ph.HE",
 keywords = {Astrophysics - High Energy Astrophysical Phenomena, Astrophysics - Cosmology and Nongalactic Astrophysics, Astrophysics - Solar and Stellar Astrophysics},
     year = 2015,
    month = oct,
   adsurl = {http://adsabs.harvard.edu/abs/2015arXiv151007662C},
  adsnote = {Provided by the SAO/NASA Astrophysics Data System}
}

@ARTICLE{2014MNRAS.437.3087K,
   author = {{Knevitt}, G. and {Wynn}, G.~A. and {Vaughan}, S. and {Watson}, M.~G.
	},
    title = "{Black holes in short period X-ray binaries and the transition to radiatively inefficient accretion}",
  journal = {\mnras},
archivePrefix = "arXiv",
   eprint = {1310.8303},
 primaryClass = "astro-ph.HE",
 keywords = {accretion, accretion discs, black hole physics, binaries: general, X-rays: binaries},
     year = 2014,
    month = feb,
   volume = 437,
    pages = {3087-3102},
      doi = {10.1093/mnras/stt2008},
   adsurl = {http://adsabs.harvard.edu/abs/2014MNRAS.437.3087K},
  adsnote = {Provided by the SAO/NASA Astrophysics Data System}
}

@ARTICLE{2013arXiv1304.3455G,
   author = {{Gould}, A.},
    title = "{LSST's DC Bias Against Planets and Galactic-Plane Science}",
  journal = {ArXiv e-prints},
archivePrefix = "arXiv",
   eprint = {1304.3455},
 primaryClass = "astro-ph.GA",
 keywords = {Astrophysics - Galaxy Astrophysics, Astrophysics - Earth and Planetary Astrophysics, Astrophysics - Solar and Stellar Astrophysics},
     year = 2013,
    month = apr,
   adsurl = {http://adsabs.harvard.edu/abs/2013arXiv1304.3455G},
  adsnote = {Provided by the SAO/NASA Astrophysics Data System}
}

@INPROCEEDINGS{2014ASPC..490...77S,
   author = {{Shafter}, A.~W. and {Curtin}, C. and {Pritchet}, C.~J. and
	{Bode}, M.~F. and {Darnley}, M.~J.},
    title = "{Extragalactic Nova Populations}",
booktitle = {Stell Novae: Past and Future Decades},
     year = 2014,
   series = {Astronomical Society of the Pacific Conference Series},
   volume = 490,
archivePrefix = "arXiv",
   eprint = {1307.2296},
 primaryClass = "astro-ph.GA",
   editor = {{Woudt}, P.~A. and {Ribeiro}, V.~A.~R.~M.},
    month = dec,
    pages = {77},
   adsurl = {http://adsabs.harvard.edu/abs/2014ASPC..490...77S},
  adsnote = {Provided by the SAO/NASA Astrophysics Data System}
}

@ARTICLE{2014ApJ...789...15S,
   author = {{Schlafly}, E.~F. and {Green}, G. and {Finkbeiner}, D.~P. and
	{Juri{\'c}}, M. and {Rix}, H.-W. and {Martin}, N.~F. and {Burgett}, W.~S. and
	{Chambers}, K.~C. and {Draper}, P.~W. and {Hodapp}, K.~W. and
	{Kaiser}, N. and {Kudritzki}, R.-P. and {Magnier}, E.~A. and
	{Metcalfe}, N. and {Morgan}, J.~S. and {Price}, P.~A. and {Stubbs}, C.~W. and
	{Tonry}, J.~L. and {Wainscoat}, R.~J. and {Waters}, C.},
    title = "{A Map of Dust Reddening to 4.5 kpc from Pan-STARRS1}",
  journal = {\apj},
archivePrefix = "arXiv",
   eprint = {1405.2922},
 keywords = {dust, extinction, ISM: clouds},
     year = 2014,
    month = jul,
   volume = 789,
      eid = {15},
    pages = {15},
      doi = {10.1088/0004-637X/789/1/15},
   adsurl = {http://adsabs.harvard.edu/abs/2014ApJ...789...15S},
  adsnote = {Provided by the SAO/NASA Astrophysics Data System}
}

@INPROCEEDINGS{2015ASPC..491...59R,
   author = {{Rich}, R.~M.},
    title = "{The Galactic Bulge}",
booktitle = {Astronomical Society of the Pacific Conference Series},
     year = 2015,
   series = {Astronomical Society of the Pacific Conference Series},
   volume = 491,
   editor = {{Points}, S. and {Kunder}, A.},
    month = may,
    pages = {59},
   adsurl = {http://adsabs.harvard.edu/abs/2015ASPC..491...59R},
  adsnote = {Provided by the SAO/NASA Astrophysics Data System}
}

@ARTICLE{2012arXiv1209.3114M,
   author = {{Merloni}, A. and {Predehl}, P. and {Becker}, W. and {B{\"o}hringer}, H. and
	{Boller}, T. and {Brunner}, H. and {Brusa}, M. and {Dennerl}, K. and
	{Freyberg}, M. and {Friedrich}, P. and {Georgakakis}, A. and
	{Haberl}, F. and {Hasinger}, G. and {Meidinger}, N. and {Mohr}, J. and
	{Nandra}, K. and {Rau}, A. and {Reiprich}, T.~H. and {Robrade}, J. and
	{Salvato}, M. and {Santangelo}, A. and {Sasaki}, M. and {Schwope}, A. and
	{Wilms}, J. and {German eROSITA Consortium}, t.},
    title = "{eROSITA Science Book: Mapping the Structure of the Energetic Universe}",
  journal = {ArXiv e-prints},
archivePrefix = "arXiv",
   eprint = {1209.3114},
 primaryClass = "astro-ph.HE",
 keywords = {Astrophysics - High Energy Astrophysical Phenomena, Astrophysics - Cosmology and Extragalactic Astrophysics},
     year = 2012,
    month = sep,
   adsurl = {http://adsabs.harvard.edu/abs/2012arXiv1209.3114M},
  adsnote = {Provided by the SAO/NASA Astrophysics Data System}
}


@ARTICLE{2012arXiv1205.3089R,
   author = {{Ray}, P.~S. and {Abdo}, A.~A. and {Parent}, D. and {Bhattacharya}, D. and
	{Bhattacharyya}, B. and {Camilo}, F. and {Cognard}, I. and {Theureau}, G. and
	{Ferrara}, E.~C. and {Harding}, A.~K. and {Thompson}, D.~J. and
	{Freire}, P.~C.~C. and {Guillemot}, L. and {Gupta}, Y. and {Roy}, J. and
	{Hessels}, J.~W.~T. and {Johnston}, S. and {Keith}, M. and {Shannon}, R. and
	{Kerr}, M. and {Michelson}, P.~F. and {Romani}, R.~W. and {Kramer}, M. and
	{McLaughlin}, M.~A. and {Ransom}, S.~M. and {Roberts}, M.~S.~E. and
	{Saz Parkinson}, P.~M. and {Ziegler}, M. and {Smith}, D.~A. and
	{Stappers}, B.~W. and {Weltevrede}, P. and {Wood}, K.~S.},
    title = "{Radio Searches of Fermi LAT Sources and Blind Search Pulsars: The Fermi Pulsar Search Consortium}",
  journal = {ArXiv e-prints},
archivePrefix = "arXiv",
   eprint = {1205.3089},
 primaryClass = "astro-ph.HE",
 keywords = {Astrophysics - High Energy Astrophysical Phenomena},
     year = 2012,
    month = may,
   adsurl = {http://adsabs.harvard.edu/abs/2012arXiv1205.3089R},
  adsnote = {Provided by the SAO/NASA Astrophysics Data System}
}

@ARTICLE{2015arXiv151008869C,
   author = {{Corral-Santana}, J.~M. and {Casares}, J. and {Munoz-Darias}, T. and
	{Bauer}, F.~E. and {Martinez-Pais}, I.~G. and {Russell}, D.~M.
	},
    title = "{BlackCAT: A catalogue of stellar-mass black holes in X-ray transients}",
  journal = {ArXiv e-prints},
archivePrefix = "arXiv",
   eprint = {1510.08869},
 primaryClass = "astro-ph.HE",
 keywords = {Astrophysics - High Energy Astrophysical Phenomena, Astrophysics - Solar and Stellar Astrophysics},
     year = 2015,
    month = oct,
   adsurl = {http://adsabs.harvard.edu/abs/2015arXiv151008869C},
  adsnote = {Provided by the SAO/NASA Astrophysics Data System}
}

@ARTICLE{Kelly09,
   author = {{Kelly}, B.~C. and {Bechtold}, J. and {Siemiginowska}, A.},
    title = "{Are the Variations in Quasar Optical Flux Driven by Thermal Fluctuations?}",
  journal = {\apj},
archivePrefix = "arXiv",
   eprint = {0903.5315},
 primaryClass = "astro-ph.CO",
 keywords = {accretion, accretion disks, galaxies: active, methods: data analysis, quasars: general},
     year = 2009,
    month = jun,
   volume = 698,
      eid = {895},
    pages = {895-910},
      doi = {10.1088/0004-637X/698/1/895},
   adsurl = {http://adsabs.harvard.edu/abs/2009ApJ...698..895K},
  adsnote = {Provided by the SAO/NASA Astrophysics Data System}
}

@ARTICLE{Kasliwal15,
   author = {{Kasliwal}, V.~P. and {Vogeley}, M.~S. and {Richards}, G.~T.
	},
    title = "{Are the variability properties of the Kepler AGN light curves consistent with a damped random walk?}",
  journal = {\mnras},
archivePrefix = "arXiv",
   eprint = {1505.00360},
 keywords = {accretion, accretion discs, galaxies: active, BL Lacertae objects: general, quasars: general, galaxies: Seyfert},
     year = 2015,
    month = aug,
   volume = 451,
    pages = {4328-4345},
      doi = {10.1093/mnras/stv1230},
   adsurl = {http://adsabs.harvard.edu/abs/2015MNRAS.451.4328K},
  adsnote = {Provided by the SAO/NASA Astrophysics Data System}
}

@ARTICLE{KellyEtal14,
   author = {{Kelly}, B.~C. and {Becker}, A.~C. and {Sobolewska}, M. and {Siemiginowska}, A. and {Uttley}, P.},
    title = "{Flexible and Scalable Methods for Quantifying Stochastic Variability in the Era of Massive Time-domain Astronomical Data Sets}",
  journal = {\apj},
archivePrefix = "arXiv",
   eprint = {1402.5978},
 primaryClass = "astro-ph.IM",
 keywords = {methods: statistical},
     year = 2014,
    month = jun,
   volume = 788,
      eid = {33},
    pages = {33},
      doi = {10.1088/0004-637X/788/1/33},
   adsurl = {http://adsabs.harvard.edu/abs/2014ApJ...788...33K},
  adsnote = {Provided by the SAO/NASA Astrophysics Data System}
}


@ARTICLE{Simm15,
   author = {{Simm}, T. and {Salvato}, M. and {Saglia}, R. and {Ponti}, G. and
	{Lanzuisi}, G. and {Nandra}, K. and {Bender}, R.},
    title = "{Pan-STARRS1 variability of XMM-COSMOS AGN. II. Physical correlations and power spectrum analysis}",
  journal = {ArXiv e-prints},
archivePrefix = "arXiv",
   eprint = {1510.06737},
 keywords = {Astrophysics - Astrophysics of Galaxies, Astrophysics - High Energy Astrophysical Phenomena},
     year = 2015,
    month = oct,
   adsurl = {http://adsabs.harvard.edu/abs/2015arXiv151006737S},
  adsnote = {Provided by the SAO/NASA Astrophysics Data System}
}

@ARTICLE{gilmerino2005,
   author = {{Gil-Merino}, R. and {Wambsganss}, J. and {Goicoechea}, L.~J. and
	{Lewis}, G.~F.},
    title = "{Limits on the transverse velocity of the lensing galaxy in Q2237+0305 from the lack of strong microlensing variability}",
  journal = {\aap},
   eprint = {astro-ph/0411239},
 keywords = {gravitational lensing, galaxies: quasars: individual: Q2237+0305, methods: numerical},
     year = 2005,
    month = mar,
   volume = 432,
    pages = {83-89},
      doi = {10.1051/0004-6361:20047123},
   adsurl = {http://adsabs.harvard.edu/abs/2005A%26A...432...83G}
}

@ARTICLE{FausnaughEtal2015,
   author = {{Fausnaugh}, M.~M. and {Denney}, K.~D. and {Barth}, A.~J. and
	{Bentz}, M.~C. and {Bottorff}, M.~C. and {Carini}, M.~T. and
	{Croxall}, K.~V. and {De Rosa}, G. and {Goad}, M.~R. and {Horne}, K. and
	{Joner}, M.~D. and {Kaspi}, S. and {Kim}, M. and {Klimanov}, S.~A. and
	{Kochanek}, C.~S. and {Leonard}, D.~C. and {Netzer}, H. and
	{Peterson}, B.~M. and {Schnulle}, K. and {Sergeev}, S.~G. and
	{Vestergaard}, M. and {Zheng}, W.-K. and {Anderson}, M.~D. and
	{Arevalo}, P. and {Bazhaw}, C. and {Borman}, G.~A. and {Boroson}, T.~A. and
	{Brandt}, W.~N. and {Breeveld}, A.~A. and {Brewer}, B.~J. and
	{Cackett}, E.~M. and {Crenshaw}, D.~M. and {Dalla Bonta}, E. and
	{De Lorenzo-Caceres}, A. and {Dietrich}, M. and {Edelson}, R. and
	{Efimova}, N.~V. and {Ely}, J. and {Evans}, P.~A. and {Filippenko}, A.~V. and
	{Flatland}, K. and {Gehrels}, N. and {Geier}, S. and {Gelbord}, J.~M. and
	{Gonzalez}, L. and {Gorjian}, V. and {Grier}, C.~J. and {Grupe}, D. and
	{Hall}, P.~B. and {Hicks}, S. and {Horenstein}, D. and {Hutchison}, T. and
	{Im}, M. and {Jensen}, J.~J. and {Jones}, J. and {Kaastra}, J. and
	{Kelly}, B.~C. and {Kennea}, J.~A. and {Kim}, S.~C. and {Korista}, K.~T. and
	{Kriss}, G.~A. and {Larionov}, V.~M. and {Lee}, J.~C. and {Lira}, P. and
	{MacInnis}, F. and {Manne-Nicholas}, E.~R. and {Mathur}, S. and
	{McHardy}, I.~M. and {Montouri}, C. and {Musso}, R. and {Nazarov}, S.~V. and
	{Norris}, R.~P. and {Nousek}, J.~A. and {Okhmat}, D.~N. and
	{Pancoast}, A. and {Papadakis}, I. and {Parks}, J.~R. and {Pei}, L. and
	{Pogge}, R.~W. and {Pott}, J.-U. and {Rafter}, S.~E. and {Rix}, H.-W. and
	{Saylor}, D.~A. and {Schimoia}, J.~S. and {Siegel}, M. and {Spencer}, M. and
	{Starkey}, D. and {Sung}, H.-I. and {Teems}, K.~G. and {Treu}, T. and
	{Turner}, C.~S. and {Uttley}, P. and {Villforth}, C. and {Weiss}, Y. and
	{Woo}, J.-H. and {Yan}, H. and {Young}, S. and {Zu}, Y.},
    title = "{Space Telescope and Optical Reverberation Mapping Project. III. Optical Continuum Emission and Broad-Band Time Delays in NGC 5548}",
  journal = {ArXiv e-prints},
archivePrefix = "arXiv",
   eprint = {1510.05648},
 keywords = {Astrophysics - Astrophysics of Galaxies},
     year = 2015,
    month = oct,
   adsurl = {http://adsabs.harvard.edu/abs/2015arXiv151005648F},
  adsnote = {Provided by the SAO/NASA Astrophysics Data System}
}

@ARTICLE{EdelsonEtal2015,
   author = {{Edelson}, R. and {Gelbord}, J.~M. and {Horne}, K. and {McHardy}, I.~M. and
	{Peterson}, B.~M. and {Ar{\'e}valo}, P. and {Breeveld}, A.~A. and
	{De Rosa}, G. and {Evans}, P.~A. and {Goad}, M.~R. and {Kriss}, G.~A. and
	{Brandt}, W.~N. and {Gehrels}, N. and {Grupe}, D. and {Kennea}, J.~A. and
	{Kochanek}, C.~S. and {Nousek}, J.~A. and {Papadakis}, I. and
	{Siegel}, M. and {Starkey}, D. and {Uttley}, P. and {Vaughan}, S. and
	{Young}, S. and {Barth}, A.~J. and {Bentz}, M.~C. and {Brewer}, B.~J. and
	{Crenshaw}, D.~M. and {Dalla Bont{\`a}}, E. and {De Lorenzo-C{\'a}ceres}, A. and
	{Denney}, K.~D. and {Dietrich}, M. and {Ely}, J. and {Fausnaugh}, M.~M. and
	{Grier}, C.~J. and {Hall}, P.~B. and {Kaastra}, J. and {Kelly}, B.~C. and
	{Korista}, K.~T. and {Lira}, P. and {Mathur}, S. and {Netzer}, H. and
	{Pancoast}, A. and {Pei}, L. and {Pogge}, R.~W. and {Schimoia}, J.~S. and
	{Treu}, T. and {Vestergaard}, M. and {Villforth}, C. and {Yan}, H. and
	{Zu}, Y.},
    title = "{Space Telescope and Optical Reverberation Mapping Project. II. Swift and HST Reverberation Mapping of the Accretion Disk of NGC 5548}",
  journal = {\apj},
archivePrefix = "arXiv",
   eprint = {1501.05951},
 keywords = {galaxies: active, galaxies: individual: NGC 5548, galaxies: nuclei, galaxies: Seyfert},
     year = 2015,
    month = jun,
   volume = 806,
      eid = {129},
    pages = {129},
      doi = {10.1088/0004-637X/806/1/129},
   adsurl = {http://adsabs.harvard.edu/abs/2015ApJ...806..129E},
  adsnote = {Provided by the SAO/NASA Astrophysics Data System}
}

@ARTICLE{LiuEtal2015,
   author = {{Liu}, T. and {Gezari}, S. and {Heinis}, S. and {Magnier}, E.~A. and
	{Burgett}, W.~S. and {Chambers}, K. and {Flewelling}, H. and
	{Huber}, M. and {Hodapp}, K.~W. and {Kaiser}, N. and {Kudritzki}, R.-P. and
	{Tonry}, J.~L. and {Wainscoat}, R.~J. and {Waters}, C.},
    title = "{A Periodically Varying Luminous Quasar at z = 2 from the Pan-STARRS1 Medium Deep Survey: A Candidate Supermassive Black Hole Binary in the Gravitational Wave-driven Regime}",
  journal = {\apjl},
archivePrefix = "arXiv",
   eprint = {1503.02083},
 primaryClass = "astro-ph.HE",
 keywords = {quasars: general, surveys},
     year = 2015,
    month = apr,
   volume = 803,
      eid = {L16},
    pages = {L16},
      doi = {10.1088/2041-8205/803/2/L16},
   adsurl = {http://adsabs.harvard.edu/abs/2015ApJ...803L..16L},
  adsnote = {Provided by the SAO/NASA Astrophysics Data System}
}

@ARTICLE{GrahamEtal2015,
   author = {{Graham}, M.~J. and {Djorgovski}, S.~G. and {Stern}, D. and
	{Glikman}, E. and {Drake}, A.~J. and {Mahabal}, A.~A. and {Donalek}, C. and
	{Larson}, S. and {Christensen}, E.},
    title = "{A possible close supermassive black-hole binary in a quasar with optical periodicity}",
  journal = {\nat},
archivePrefix = "arXiv",
   eprint = {1501.01375},
     year = 2015,
    month = feb,
   volume = 518,
    pages = {74-76},
      doi = {10.1038/nature14143},
   adsurl = {http://adsabs.harvard.edu/abs/2015Natur.518...74G}
}

@ARTICLE{Petersetal2015,
   author = {{Peters}, C.~M. and {Richards}, G.~T. and {Myers}, A.~D. and
	{Strauss}, M.~A. and {Schmidt}, K.~B. and {Ivezic}, {\v Z}. and
	{Ross}, N.~P. and {MacLeod}, C.~L. and {Riegel}, R.},
    title = "{Quasar Classification Using Color and Variability}",
  journal = {\apj},
archivePrefix = "arXiv",
   eprint = {1508.04121},
 keywords = {catalogs, quasars: general, surveys},
     year = 2015,
    month = oct,
   volume = 811,
      eid = {95},
    pages = {95},
      doi = {10.1088/0004-637X/811/2/95},
   adsurl = {http://adsabs.harvard.edu/abs/2015ApJ...811...95P},
   adsnote = {Provided by the SAO/NASA Astrophysics Data System}
 }

@ARTICLE{2015Natur.525..351D,
   author = {{D'Orazio}, D.~J. and {Haiman}, Z. and {Schiminovich}, D.},
    title = "{Relativistic boost as the cause of periodicity in a massive black-hole binary candidate}",
  journal = {\nat},
archivePrefix = "arXiv",
   eprint = {1509.04301},
 primaryClass = "astro-ph.HE",
     year = 2015,
    month = sep,
   volume = 525,
    pages = {351-353},
      doi = {10.1038/nature15262},
   adsurl = {http://adsabs.harvard.edu/abs/2015Natur.525..351D},
  adsnote = {Provided by the SAO/NASA Astrophysics Data System}
}

@ARTICLE{2015MNRAS.453.1562G,
   author = {{Graham}, M.~J. and {Djorgovski}, S.~G. and {Stern}, D. and
	{Drake}, A.~J. and {Mahabal}, A.~A. and {Donalek}, C. and {Glikman}, E. and
	{Larson}, S. and {Christensen}, E.},
    title = "{A systematic search for close supermassive black hole binaries in the Catalina Real-time Transient Survey}",
  journal = {\mnras},
archivePrefix = "arXiv",
   eprint = {1507.07603},
 keywords = {methods: data analysis, techniques: photometric, surveys, quasars: general, quasars: supermassive black holes},
     year = 2015,
    month = oct,
   volume = 453,
    pages = {1562-1576},
      doi = {10.1093/mnras/stv1726},
   adsurl = {http://adsabs.harvard.edu/abs/2015MNRAS.453.1562G},
  adsnote = {Provided by the SAO/NASA Astrophysics Data System}
}

@ARTICLE{2015arXiv151105564T,
   author = {{Taylor}, S.~R. and {Vallisneri}, M. and {Ellis}, J.~A. and
	{Mingarelli}, C.~M.~F. and {Lazio}, T.~J.~W. and {van Haasteren}, R.
	},
    title = "{Are we there yet? Time to detection of nanohertz gravitational waves based on pulsar-timing array limits}",
  journal = {ArXiv e-prints},
archivePrefix = "arXiv",
   eprint = {1511.05564},
 primaryClass = "astro-ph.IM",
 keywords = {Astrophysics - Instrumentation and Methods for Astrophysics, Astrophysics - Astrophysics of Galaxies, Astrophysics - High Energy Astrophysical Phenomena, General Relativity and Quantum Cosmology},
     year = 2015,
    month = nov,
   adsurl = {http://adsabs.harvard.edu/abs/2015arXiv151105564T},
  adsnote = {Provided by the SAO/NASA Astrophysics Data System}
}

@ARTICLE{2014SSRv..183..189C,
   author = {{Colpi}, M.},
    title = "{Massive Binary Black Holes in Galactic Nuclei and Their Path to Coalescence}",
  journal = {Space Science Reviews},
archivePrefix = "arXiv",
   eprint = {1407.3102},
 keywords = {Black hole physics, Dynamics, Galaxy mergers, Black hole binaries},
     year = 2014,
    month = sep,
   volume = 183,
    pages = {189-221},
      doi = {10.1007/s11214-014-0067-1},
   adsurl = {http://adsabs.harvard.edu/abs/2014SSRv..183..189C},
   adsnote = {Provided by the SAO/NASA Astrophysics Data System}
 }}

@PHDTHESIS{2010PhDT.......241S,
   author = {{Solontoi}, M.},
    title = "{Comets in Large Sky Surveys: From SDSS to LSST}",
   school = {University of Washington},
     year = 2010,
   adsurl = {http://adsabs.harvard.edu/abs/2010PhDT.......241S},
  adsnote = {Provided by the SAO/NASA Astrophysics Data System}
}

@ARTICLE{1995Icar..118..223A,
   author = {{A'Hearn}, M.~F. and {Millis}, R.~L. and {Schleicher}, D.~G. and
  {Osip}, D.~J. and {Birch}, P.~V.},
    title = "{The ensemble properties of comets: Results from narrowband photometry of 85 comets, 1976-1992.}",
  journal = {\icarus},
     year = 1995,
    month = dec,
   volume = 118,
    pages = {223-270},
      doi = {10.1006/icar.1995.1190},
   adsurl = {http://adsabs.harvard.edu/abs/1995Icar..118..223A},
  adsnote = {Provided by the SAO/NASA Astrophysics Data System}
}

@ARTICLE{2012ApJ...758...29A,
   author = {{A'Hearn}, M.~F. and {Feaga}, L.~M. and {Keller}, H.~U. and
  {Kawakita}, H. and {Hampton}, D.~L. and {Kissel}, J. and {Klaasen}, K.~P. and
  {McFadden}, L.~A. and {Meech}, K.~J. and {Schultz}, P.~H. and
  {Sunshine}, J.~M. and {Thomas}, P.~C. and {Veverka}, J. and
  {Yeomans}, D.~K. and {Besse}, S. and {Bodewits}, D. and {Farnham}, T.~L. and
  {Groussin}, O. and {Kelley}, M.~S. and {Lisse}, C.~M. and {Merlin}, F. and
  {Protopapa}, S. and {Wellnitz}, D.~D.},
    title = "{Cometary Volatiles and the Origin of Comets}",
  journal = {\apj},
 keywords = {comets: general, Oort cloud, protoplanetary disks},
     year = 2012,
    month = oct,
   volume = 758,
      eid = {29},
    pages = {29},
      doi = {10.1088/0004-637X/758/1/29},
   adsurl = {http://adsabs.harvard.edu/abs/2012ApJ...758...29A},
  adsnote = {Provided by the SAO/NASA Astrophysics Data System}
}

@ARTICLE{2012AJ....143...66J,
   author = {{Jewitt}, D.},
    title = "{The Active Asteroids}",
  journal = {\aj},
archivePrefix = "arXiv",
   eprint = {1112.5220},
 primaryClass = "astro-ph.EP",
 keywords = {comets: general, minor planets, asteroids: general },
     year = 2012,
    month = mar,
   volume = 143,
      eid = {66},
    pages = {66},
      doi = {10.1088/0004-6256/143/3/66},
   adsurl = {http://adsabs.harvard.edu/abs/2012AJ....143...66J},
  adsnote = {Provided by the SAO/NASA Astrophysics Data System}
}

@INCOLLECTION{BelloniAccretion,
 author = {{Belloni}, Tomaso~M. and {Stella}, Luigi},
 editor = {{Maurizio}, Falanga and {Belloni}, Tomaso and {Casella}, Piergiorgio and {Gilfanov}, M. and {Jonker}, Peter and {King}, Andrew},
 title = {Fast Variability from Black-Hole Binaries},
 booktitle = {The Physics of Accretion onto Black Holes},
 year = {2014},
 isbn = {1493922262},
 publisher = {Springer},
 volume = {49},
 series = {Space Sciences Series of ISSI},
 address = {},
 edition = {},
 chapter = {3},
 pages = {43-60}
}

@ARTICLE{1993AJ....105.1206T,
   author = {{Tyson}, N.~D. and {Gal}, R.~R.},
    title = "{An exposure guide for taking twilight flatfields with large format CCDs}",
  journal = {\aj},
 keywords = {Charge Coupled Devices, Exposure, Twilight Glow, Brightness, Fortran, Rayleigh Scattering},
     year = 1993,
    month = mar,
   volume = 105,
    pages = {1206-1212},
      doi = {10.1086/116505},
   adsurl = {http://adsabs.harvard.edu/abs/1993AJ....105.1206T},
  adsnote = {Provided by the SAO/NASA Astrophysics Data System}
}

@INPROCEEDINGS{2007IAUS..236..191D,
   author = {{Durech}, J. and {Scheirich}, P. and {Kaasalainen}, M. and {Grav}, T. and 
	{Jedicke}, R. and {Denneau}, L.},
    title = "{Physical models of asteroids from sparse photometric data}",
booktitle = {Near Earth Objects, our Celestial Neighbors: Opportunity and Risk},
     year = 2007,
   series = {IAU Symposium},
   volume = 236,
   editor = {{Valsecchi}, G.~B. and {Vokrouhlick{\'y}}, D. and {Milani}, A.
	},
    month = may,
    pages = {191-200},
      doi = {10.1017/S1743921307003225},
   adsurl = {http://adsabs.harvard.edu/abs/2007IAUS..236..191D},
  adsnote = {Provided by the SAO/NASA Astrophysics Data System}
}

@ARTICLE{2015arXiv150803175L,
   author = {{Lund}, M.~B. and {Siverd}, R.~J. and {Pepper}, J.~A. and {Stassun}, K.~G.
	},
    title = "{Metrics for Optimization of Large Synoptic Survey Telescope Observations of Stellar Variables and Transients}",
  journal = {ArXiv e-prints},
archivePrefix = "arXiv",
   eprint = {1508.03175},
 primaryClass = "astro-ph.IM",
 keywords = {Astrophysics - Instrumentation and Methods for Astrophysics, Astrophysics - Solar and Stellar Astrophysics},
     year = 2015,
    month = aug,
   adsurl = {http://adsabs.harvard.edu/abs/2015arXiv150803175L},
  adsnote = {Provided by the SAO/NASA Astrophysics Data System}
}

@ARTICLE{2012AJ....144....9O,
   author = {{Oluseyi}, H.~M. and {Becker}, A.~C. and {Culliton}, C. and 
	{Furqan}, M. and {Hoadley}, K.~L. and {Regencia}, P. and {Wells}, A.~J. and 
	{Ivezic}, {\v Z}. and {Jones}, R.~L. and {Krughoff}, K.~S. and 
	{Sesar}, B. and {Jacoby}, S. and {Allison}, I.~J.},
    title = "{Simulated LSST Survey of RR Lyrae Stars throughout the Local Group}",
  journal = {\aj},
 keywords = {Galaxy: halo, Galaxy: structure, methods: data analysis, stars: variables: RR Lyrae},
     year = 2012,
    month = jul,
   volume = 144,
      eid = {9},
    pages = {9},
      doi = {10.1088/0004-6256/144/1/9},
   adsurl = {http://adsabs.harvard.edu/abs/2012AJ....144....9O},
  adsnote = {Provided by the SAO/NASA Astrophysics Data System}
}

@ARTICLE{2013MNRAS.435.3191M,
   author = {{Mundprecht}, E. and {Muthsam}, H.~J. and {Kupka}, F.},
    title = "{Multidimensional realistic modelling of Cepheid-like variables - I. Extensions of the ANTARES code}",
  journal = {\mnras},
archivePrefix = "arXiv",
   eprint = {1209.2952},
 primaryClass = "astro-ph.SR",
 keywords = {convection, hydrodynamics, methods: numerical, stars: variables: Cepheids},
     year = 2013,
    month = nov,
   volume = 435,
    pages = {3191-3205},
      doi = {10.1093/mnras/stt1511},
   adsurl = {http://adsabs.harvard.edu/abs/2013MNRAS.435.3191M},
  adsnote = {Provided by the SAO/NASA Astrophysics Data System}
}

@ARTICLE{2011ApJ...737....8L,
   author = {{Loebman}, S.~R. and {Ro{\v s}kar}, R. and {Debattista}, V.~P. and 
	{Ivezi{\'c}}, {\v Z}. and {Quinn}, T.~R. and {Wadsley}, J.},
    title = "{The Genesis of the Milky Way's Thick Disk Via Stellar Migration}",
  journal = {\apj},
archivePrefix = "arXiv",
   eprint = {1009.5997},
 keywords = {galaxies: spiral, Galaxy: evolution, Galaxy: kinematics and dynamics, Galaxy: stellar content, Galaxy: structure, solar neighborhood},
     year = 2011,
    month = aug,
   volume = 737,
      eid = {8},
    pages = {8},
      doi = {10.1088/0004-637X/737/1/8},
   adsurl = {http://adsabs.harvard.edu/abs/2011ApJ...737....8L},
  adsnote = {Provided by the SAO/NASA Astrophysics Data System}
}

@ARTICLE{2015MNRAS.448.3455B,
   author = {{Britt}, C.~T. and {Maccarone}, T. and {Pretorius}, M.~L. and 
	{Hynes}, R.~I. and {Jonker}, P.~G. and {Torres}, M.~A.~P. and 
	{Knigge}, C. and {Johnson}, C.~O. and {Heinke}, C.~B. and {Steeghs}, D. and 
	{Greiss}, S. and {Nelemans}, G.},
    title = "{The relationship between X-ray luminosity and duty cycle for dwarf novae and their specific frequency in the inner Galaxy}",
  journal = {\mnras},
archivePrefix = "arXiv",
   eprint = {1502.01743},
 primaryClass = "astro-ph.HE",
 keywords = {accretion, accretion discs, stars: dwarf novae, novae, cataclysmic variables},
     year = 2015,
    month = apr,
   volume = 448,
    pages = {3455-3462},
      doi = {10.1093/mnras/stv256},
   adsurl = {http://adsabs.harvard.edu/abs/2015MNRAS.448.3455B},
  adsnote = {Provided by the SAO/NASA Astrophysics Data System}
}

@ARTICLE{2001ApJ...554L.181J,
   author = {{Jain}, R.~K. and {Bailyn}, C.~D. and {Orosz}, J.~A. and {McClintock}, J.~E. and 
	{Remillard}, R.~A.},
    title = "{Multiwavelength Observations of the Black Hole Candidate XTE J1550-564 during the 2000 Outburst}",
  journal = {\apjl},
   eprint = {astro-ph/0105115},
 keywords = {Black Hole Physics, Stars: Individual: Alphanumeric: XTE J1550-564, X-Rays: Stars},
     year = 2001,
    month = jun,
   volume = 554,
    pages = {L181-L184},
      doi = {10.1086/321700},
   adsurl = {http://adsabs.harvard.edu/abs/2001ApJ...554L.181J},
  adsnote = {Provided by the SAO/NASA Astrophysics Data System}
}

@ARTICLE{2010ApJ...710.1127C,
   author = {{Cantrell}, A.~G. and {Bailyn}, C.~D. and {Orosz}, J.~A. and 
	{McClintock}, J.~E. and {Remillard}, R.~A. and {Froning}, C.~S. and 
	{Neilsen}, J. and {Gelino}, D.~M. and {Gou}, L.},
    title = "{The Inclination of the Soft X-Ray Transient A0620-00 and the Mass of its Black Hole}",
  journal = {\apj},
archivePrefix = "arXiv",
   eprint = {1001.0261},
 primaryClass = "astro-ph.HE",
 keywords = {accretion, accretion disks, stars: individual: A0620 {\ndash} 00, X-rays: binaries},
     year = 2010,
    month = feb,
   volume = 710,
    pages = {1127-1141},
      doi = {10.1088/0004-637X/710/2/1127},
   adsurl = {http://adsabs.harvard.edu/abs/2010ApJ...710.1127C},
  adsnote = {Provided by the SAO/NASA Astrophysics Data System}
}

@ARTICLE{2011MNRAS.411.2695P,
   author = {{Patterson}, J.},
    title = "{Distances and absolute magnitudes of dwarf novae: murmurs of period bounce}",
  journal = {\mnras},
 keywords = {accretion, accretion discs, catalogues, stars: distances, stars: dwarf novae, stars: evolution},
     year = 2011,
    month = mar,
   volume = 411,
    pages = {2695-2716},
      doi = {10.1111/j.1365-2966.2010.17881.x},
   adsurl = {http://adsabs.harvard.edu/abs/2011MNRAS.411.2695P},
  adsnote = {Provided by the SAO/NASA Astrophysics Data System}
}

@ARTICLE{2003ApJ...597.1036P,
   author = {{Pfahl}, E. and {Rappaport}, S. and {Podsiadlowski}, P.},
    title = "{The Galactic Population of Low- and Intermediate-Mass X-Ray Binaries}",
  journal = {\apj},
   eprint = {astro-ph/0303300},
 keywords = {Stars: Binaries: Close, Stars: Pulsars: General, Stars: Neutron, X-Rays: Stars},
     year = 2003,
    month = nov,
   volume = 597,
    pages = {1036-1048},
      doi = {10.1086/378632},
   adsurl = {http://adsabs.harvard.edu/abs/2003ApJ...597.1036P},
  adsnote = {Provided by the SAO/NASA Astrophysics Data System}
}

@ARTICLE{2015A&A...579A..33V,
   author = {{van Haaften}, L.~M. and {Nelemans}, G. and {Voss}, R. and {van der Sluys}, M.~V. and 
	{Toonen}, S.},
    title = "{Population synthesis of classical low-mass X-ray binaries in the Galactic Bulge}",
  journal = {\aap},
archivePrefix = "arXiv",
   eprint = {1505.03629},
 primaryClass = "astro-ph.SR",
 keywords = {binaries: close, Galaxy: bulge, X-rays: binaries},
     year = 2015,
    month = jul,
   volume = 579,
      eid = {A33},
    pages = {A33},
      doi = {10.1051/0004-6361/201425303},
   adsurl = {http://adsabs.harvard.edu/abs/2015A%26A...579A..33V},
  adsnote = {Provided by the SAO/NASA Astrophysics Data System}
}

@ARTICLE{2006MNRAS.369.1152K,
   author = {{Kiel}, P.~D. and {Hurley}, J.~R.},
    title = "{Populating the Galaxy with low-mass X-ray binaries}",
  journal = {\mnras},
   eprint = {astro-ph/0605080},
 keywords = {binaries: close: stars: evolution: stars: low-mass, brown dwarfs: stars: neutron: Galaxy: stellar content: X-rays: binaries, binaries: close, stars: evolution, stars: low-mass, brown dwarfs, stars: neutron, Galaxy: stellar content, X-rays: binaries},
     year = 2006,
    month = jul,
   volume = 369,
    pages = {1152-1166},
      doi = {10.1111/j.1365-2966.2006.10400.x},
   adsurl = {http://adsabs.harvard.edu/abs/2006MNRAS.369.1152K},
  adsnote = {Provided by the SAO/NASA Astrophysics Data System}
}

@ARTICLE{2013Natur.494...65O,
   author = {{Ofek}, E.~O. and {Sullivan}, M. and {Cenko}, S.~B. and {Kasliwal}, M.~M. and 
	{Gal-Yam}, A. and {Kulkarni}, S.~R. and {Arcavi}, I. and {Bildsten}, L. and 
	{Bloom}, J.~S. and {Horesh}, A. and {Howell}, D.~A. and {Filippenko}, A.~V. and 
	{Laher}, R. and {Murray}, D. and {Nakar}, E. and {Nugent}, P.~E. and 
	{Silverman}, J.~M. and {Shaviv}, N.~J. and {Surace}, J. and 
	{Yaron}, O.},
    title = "{An outburst from a massive star 40 days before a supernova explosion}",
  journal = {\nat},
archivePrefix = "arXiv",
   eprint = {1302.2633},
 primaryClass = "astro-ph.HE",
     year = 2013,
    month = feb,
   volume = 494,
    pages = {65-67},
      doi = {10.1038/nature11877},
   adsurl = {http://adsabs.harvard.edu/abs/2013Natur.494...65O},
  adsnote = {Provided by the SAO/NASA Astrophysics Data System}
}

@ARTICLE{1987AJ.....93..968R,
   author = {{Roberts}, D.~H. and {Lehar}, J. and {Dreher}, J.~W.},
    title = "{Time Series Analysis with Clean - Part One - Derivation of a Spectrum}",
  journal = {\aj},
     year = 1987,
    month = apr,
   volume = 93,
    pages = {968},
      doi = {10.1086/114383},
   adsurl = {http://adsabs.harvard.edu/abs/1987AJ.....93..968R},
  adsnote = {Provided by the SAO/NASA Astrophysics Data System}
}

@ARTICLE{2014MNRAS.445.2655B,
   author = {{Bhardwaj}, A. and {Kanbur}, S.~M. and {Singh}, H.~P. and {Ngeow}, C.-C.
	},
    title = "{Empirical period-colour and amplitude-colour relations for Classical Cepheids and RR Lyrae variables}",
  journal = {\mnras},
archivePrefix = "arXiv",
   eprint = {1409.4911},
 primaryClass = "astro-ph.SR",
 keywords = {stars: variables: Cepheids, stars: variables: RR Lyrae, Magellanic Clouds},
     year = 2014,
    month = dec,
   volume = 445,
    pages = {2655-2666},
      doi = {10.1093/mnras/stu1941},
   adsurl = {http://adsabs.harvard.edu/abs/2014MNRAS.445.2655B},
  adsnote = {Provided by the SAO/NASA Astrophysics Data System}
}

@ARTICLE{2015MNRAS.447.3342B,
   author = {{Bhardwaj}, A. and {Kanbur}, S.~M. and {Singh}, H.~P. and {Macri}, L.~M. and 
	{Ngeow}, C.-C.},
    title = "{On the variation of Fourier parameters for Galactic and LMC Cepheids at optical, near-infrared and mid-infrared wavelengths}",
  journal = {\mnras},
archivePrefix = "arXiv",
   eprint = {1412.4891},
 primaryClass = "astro-ph.SR",
 keywords = {stars: variables: Cepheids, Magellanic Clouds},
     year = 2015,
    month = mar,
   volume = 447,
    pages = {3342-3360},
      doi = {10.1093/mnras/stu2678},
   adsurl = {http://adsabs.harvard.edu/abs/2015MNRAS.447.3342B},
  adsnote = {Provided by the SAO/NASA Astrophysics Data System}
}

@ARTICLE{2000ApJ...529..293B,
   author = {{Bono}, G. and {Castellani}, V. and {Marconi}, M.},
    title = "{Classical Cepheid Pulsation Models. III. The Predictable Scenario}",
  journal = {\apj},
   eprint = {astro-ph/9908014},
 keywords = {STARS: VARIABLES: CEPHEIDS, GALAXIES: STELLAR CONTENT, STARS: DISTANCES, STARS: EVOLUTION, STARS: INTERIORS, STARS: OSCILLATIONS, Stars: Variables: Cepheids, Galaxies: Stellar Content, Stars: Distances, Stars: Evolution, Stars: Interiors, Stars: Oscillations},
     year = 2000,
    month = jan,
   volume = 529,
    pages = {293-317},
      doi = {10.1086/308263},
   adsurl = {http://adsabs.harvard.edu/abs/2000ApJ...529..293B},
  adsnote = {Provided by the SAO/NASA Astrophysics Data System}
}

@ARTICLE{2013ApJ...768L...6M,
   author = {{Marconi}, M. and {Molinaro}, R. and {Bono}, G. and {Pietrzy{\'n}ski}, G. and 
	{Gieren}, W. and {Pilecki}, B. and {Stellingwerf}, R.~F. and 
	{Graczyk}, D. and {Smolec}, R. and {Konorski}, P. and {Suchomska}, K. and 
	{G{\'o}rski}, M. and {Karczmarek}, P.},
    title = "{The Eclipsing Binary Cepheid OGLE-LMC-CEP-0227 in the Large Magellanic Cloud: Pulsation Modeling of Light and Radial Velocity Curves}",
  journal = {\apjl},
archivePrefix = "arXiv",
   eprint = {1304.0860},
 primaryClass = "astro-ph.SR",
 keywords = {binaries: eclipsing, Magellanic Clouds, stars: distances, stars: variables: Cepheids},
     year = 2013,
    month = may,
   volume = 768,
      eid = {L6},
    pages = {L6},
      doi = {10.1088/2041-8205/768/1/L6},
   adsurl = {http://adsabs.harvard.edu/abs/2013ApJ...768L...6M},
  adsnote = {Provided by the SAO/NASA Astrophysics Data System}
}

@ARTICLE{1992A&A...258..397B,
   author = {{Brocato}, E. and {Castellani}, V.},
    title = "{Core overshooting and stellar evolution}",
  journal = {\aap},
 keywords = {Convection, Open Clusters, Stellar Cores, Stellar Evolution, Stellar Gravitation, Stellar Structure, Magellanic Clouds, Metallicity, Stellar Mass},
     year = 1992,
    month = may,
   volume = 258,
    pages = {397},
   adsurl = {http://adsabs.harvard.edu/abs/1992A%26A...258..397B},
  adsnote = {Provided by the SAO/NASA Astrophysics Data System}
}

@ARTICLE{2012MNRAS.421.2109B,
   author = {{Besla}, G. and {Kallivayalil}, N. and {Hernquist}, L. and {van der Marel}, R.~P. and 
	{Cox}, T.~J. and {Kere{\v s}}, D.},
    title = "{The role of dwarf galaxy interactions in shaping the Magellanic System and implications for Magellanic Irregulars}",
  journal = {\mnras},
archivePrefix = "arXiv",
   eprint = {1201.1299},
 keywords = {galaxies: evolution, galaxies: interactions, galaxies: irregular, galaxies: kinematics and dynamics, Magellanic Clouds},
     year = 2012,
    month = apr,
   volume = 421,
    pages = {2109-2138},
      doi = {10.1111/j.1365-2966.2012.20466.x},
   adsurl = {http://adsabs.harvard.edu/abs/2012MNRAS.421.2109B},
  adsnote = {Provided by the SAO/NASA Astrophysics Data System}
}

@ARTICLE{2013ApJ...764..161K,
   author = {{Kallivayalil}, N. and {van der Marel}, R.~P. and {Besla}, G. and 
	{Anderson}, J. and {Alcock}, C.},
    title = "{Third-epoch Magellanic Cloud Proper Motions. I. Hubble Space Telescope/WFC3 Data and Orbit Implications}",
  journal = {\apj},
archivePrefix = "arXiv",
   eprint = {1301.0832},
 keywords = {galaxies: evolution, galaxies: interactions, galaxies: kinematics and dynamics, Galaxy: structure, Magellanic Clouds},
     year = 2013,
    month = feb,
   volume = 764,
      eid = {161},
    pages = {161},
      doi = {10.1088/0004-637X/764/2/161},
   adsurl = {http://adsabs.harvard.edu/abs/2013ApJ...764..161K},
  adsnote = {Provided by the SAO/NASA Astrophysics Data System}
}

@ARTICLE{2014ApJ...781..121V,
   author = {{van der Marel}, R.~P. and {Kallivayalil}, N.},
    title = "{Third-epoch Magellanic Cloud Proper Motions. II. The Large Magellanic Cloud Rotation Field in Three Dimensions}",
  journal = {\apj},
archivePrefix = "arXiv",
   eprint = {1305.4641},
 keywords = {galaxies: individual: Large Magellanic Cloud, galaxies: kinematics and dynamics, Magellanic Clouds, proper motions},
     year = 2014,
    month = feb,
   volume = 781,
      eid = {121},
    pages = {121},
      doi = {10.1088/0004-637X/781/2/121},
   adsurl = {http://adsabs.harvard.edu/abs/2014ApJ...781..121V},
  adsnote = {Provided by the SAO/NASA Astrophysics Data System}
}

